@book{Stauffer,
author={D. Stauffer and A. Aharony},
title="Introduction to percolation theory",
booktitle="Introduction to percolation theory",
publisher="Taylor \& Francis Inc",
year={2003},
pages={57-87}
}

@article{nakanishi,
author={H. Nakanishi and H. Stanley},
title="Scaling studies of percolation phenomena in systems of dimensionality two to seven: Cluster numbers.",
journal="Physical Review B",
volume={22},
year={1980},
pages={2466-2488}
}

@article{Kopelman,
author={J. Hoshen and R. Kopelman},
title="Percolation and cluster distribution I. Cluster multiple labeling technic and critical concentration algorithm.",
journal="Physical Review B",
volume={14},
year={1976},
pages={3438-3445}
}

@article{Levinshtein,
author={M. Levinshtein and B. Shklovskil},
title="The relation between the critical exponents of percolation theory ",
journal="American Institute of Physics",
volume={42},
year={1976}
}

@article{havlin,
author={P.King and S.Havlin},
title="Percolation theory "
}

